% 参考文献
% 这里添加论文引用的参考文献 