@inproceedings{rafailov2023direct,
  title={Direct preference optimization: Your language model is secretly a reward model},
  author={Rafailov, Rafael and Sharma, Archit and Mitchell, Eric and Ermon, Stefano and Manning, Christopher D and Finn, Chelsea},
  booktitle={Thirty-seventh Conference on Neural Information Processing Systems},
  year={2023}
}

@article{ouyang2022training,
  title={Training language models to follow instructions with human feedback},
  author={Ouyang, Long and Wu, Jeffrey and Jiang, Xu and Almeida, Diogo and Wainwright, Carroll L and Mishkin, Pamela and Zhang, Chong and Agarwal, Sandhini and Slama, Katarina and Ray, Alex and others},
  journal={Advances in Neural Information Processing Systems},
  volume={35},
  pages={27730--27744},
  year={2022}
}

@inproceedings{christiano2017deep,
  title={Deep reinforcement learning from human preferences},
  author={Christiano, Paul F and Leike, Jan and Brown, Tom and Martic, Miljan and Legg, Shane and Amodei, Dario},
  booktitle={Advances in Neural Information Processing Systems},
  pages={4299--4307},
  year={2017}
}

@article{bai2022training,
  title={Training a helpful and harmless assistant with reinforcement learning from human feedback},
  author={Bai, Yuntao and Jones, Andy and Ndousse, Koen and Askell, Amanda and Chen, Anna and DasSarma, Nova and Drain, Dawn and Fort, Stanislav and Ganguli, Deep and Henighan, Tom and others},
  journal={arXiv preprint arXiv:2204.05862},
  year={2022}
}

@inproceedings{pmlr-v162-ethayarajh22a,
  title={Understanding Dataset Difficulty with V-Usable Information},
  author={Ethayarajh, Kawin and Choi, Yejin and Swayamdipta, Swabha},
  booktitle={International Conference on Machine Learning},
  pages={6186--6202},
  year={2022},
  organization={PMLR}
}

@article{cui2023ultrafeedback,
  title={UltraFeedback: Boosting Language Models with High-quality Feedback},
  author={Cui, Weizhe and Jiang, Tao and Bai, Anthony and Chen, Liang and Zhang, Qinghua and Zhuo, Tianhao and Chen, Wenlin and others},
  journal={arXiv preprint arXiv:2310.01377},
  year={2023}
}

@article{kassner2023kto,
  title={KTO: Model Alignment as Divergence Control},
  author={Kassner, Nora and Chen, Xi and Belrose, Guillaume and Arora, Anjan and Mu, Jesse and Hewitt, John and Boyle, Roger and Wang, Chelsea and Alayrac, Jean-Baptiste and Zettlemoyer, Luke and others},
  journal={arXiv preprint arXiv:2403.18353},
  year={2024}
}

@article{azar2023general,
  title={A general theoretical paradigm to understand learning from human preferences},
  author={Azar, Mohammad Gheshlaghi and Mnih, Volodymyr and Hazan, Elad and Bellemare, Marc G and Munos, R{\'e}mi},
  journal={arXiv preprint arXiv:2310.12036},
  year={2023}
}

@article{zou2021sufficient,
  title={A sufficient condition for convergences of adam and rmsprop},
  author={Zou, Fangyu and Shen, Li and Jie, Zequn and Zhang, Weizhong and Liu, Wei},
  journal={Conference on Computer Vision and Pattern Recognition},
  year={2021}
}

@inproceedings{smith2017cyclical,
  title={Cyclical learning rates for training neural networks},
  author={Smith, Leslie N},
  booktitle={Winter Conference on Applications of Computer Vision},
  pages={464--472},
  year={2017}
}

@inproceedings{pan2020adaptive,
  title={Adaptive learning of beta for recommender systems},
  author={Pan, Yitong and Aggarwal, Charu},
  booktitle={Proceedings of the 29th ACM International Conference on Information \& Knowledge Management},
  pages={1295--1304},
  year={2020}
} 